@inproceedings{csordas2020neural,
  title={Are Neural Nets Modular? Inspecting Functional Modularity Through Differentiable Weight Masks},
  author={Csord{\'a}s, R{\'o}bert and van Steenkiste, Sjoerd and Schmidhuber, J{\"u}rgen},
  booktitle={International Conference on Learning Representations},
  year={2020}
}

@article{sung2021training,
  title={Training Neural Networks with Fixed Sparse Masks},
  author={Sung, Yi-Lin and Nair, Varun and Raffel, Colin A},
  journal={Advances in Neural Information Processing Systems},
  volume={34},
  pages={24193--24205},
  year={2021}
}


@inproceedings{watanabe2019interpreting,
  title={Interpreting layered neural networks via hierarchical modular representation},
  author={Watanabe, Chihiro},
  booktitle={Neural Information Processing: 26th International Conference, ICONIP 2019, Sydney, NSW, Australia, December 12--15, 2019, Proceedings, Part V 26},
  pages={376--388},
  year={2019},
  organization={Springer}
}

@article{lepori2023break,
  title={Break it down: Evidence for structural compositionality in neural networks},
  author={Lepori, Michael and Serre, Thomas and Pavlick, Ellie},
  journal={Advances in Neural Information Processing Systems},
  volume={36},
  pages={42623--42660},
  year={2023}
}



@inproceedings{casper2022graphical,
	  title={Graphical clusterability and local specialization in deep neural networks},
	    author={Casper, Stephen and Hod, Shlomi and Filan, Daniel and Wild, Cody and Critch, Andrew and Russell, Stuart},
	      booktitle={ICLR 2022 Workshop on PAIR $\{$$\backslash$textasciicircum$\}$ 2Struct: Privacy, Accountability, Interpretability, Robustness, Reasoning on Structured Data},
	        year={2022}
}

@article{savarese2020winning,
  title={Winning the lottery with continuous sparsification},
  author={Savarese, Pedro and Silva, Hugo and Maire, Michael},
  journal={Advances in neural information processing systems},
  volume={33},
  pages={11380--11390},
  year={2020}
}

@inproceedings{ansell-etal-2022-composable,
    title = "Composable Sparse Fine-Tuning for Cross-Lingual Transfer",
    author = "Ansell, Alan  and
      Ponti, Edoardo  and
      Korhonen, Anna  and
      Vuli{\'c}, Ivan",
    editor = "Muresan, Smaranda  and
      Nakov, Preslav  and
      Villavicencio, Aline",
    booktitle = "Proceedings of the 60th Annual Meeting of the Association for Computational Linguistics (Volume 1: Long Papers)",
    month = may,
    year = "2022",
    address = "Dublin, Ireland",
    publisher = "Association for Computational Linguistics",
    url = "https://aclanthology.org/2022.acl-long.125",
    doi = "10.18653/v1/2022.acl-long.125",
    pages = "1778--1796",
}

@inproceedings{
frankle2018the,
title={The Lottery Ticket Hypothesis: Finding Sparse, Trainable Neural Networks},
author={Jonathan Frankle and Michael Carbin},
booktitle={International Conference on Learning Representations},
year={2019},
url={https://openreview.net/forum?id=rJl-b3RcF7},
}

@inproceedings{houlsby2019parameter,
  title={Parameter-efficient transfer learning for NLP},
  author={Houlsby, Neil and Giurgiu, Andrei and Jastrzebski, Stanislaw and Morrone, Bruna and De Laroussilhe, Quentin and Gesmundo, Andrea and Attariyan, Mona and Gelly, Sylvain},
  booktitle={International conference on machine learning},
  pages={2790--2799},
  year={2019},
  organization={PMLR}
}


